@article{fj,
author    = {Atsushi Igarashi and Benjamin C. Pierce and Philip Wadler},
title     = {{Featherweight Java}: a minimal core calculus for {Java} and {GJ}},
journal   = {ACM Trans. Program. Lang. Syst.},
volume    = {23},
number    = {3},
year      = {2001},
pages     = {396-450},
ee        = {http://doi.acm.org/10.1145/503502.503505},
bibsource = {DBLP, http://dblp.uni-trier.de}
}

